@online{QUANTUM,
    title={A Quantum Computer for Europe: New FET Flagship Project OpenSuperQ},
    url={http://opensuperq.eu/},
    urldate={2019-01-24}
}
@online{PAPER,
    title={Beispiel eines Papier-Prototypen},
    url={https://de.wikipedia.org/wiki/Paper_Prototyping#/media/File:Paper_Prototype_on_iPad.jpg},
    urldate={2019-01-24}
}
@online{IBM,
    title={Beispiel eines Quantencomputers},
    url={https://icdn4.digitaltrends.com/image/ibm-a-quantum-computer-11-720x720.jpg?ver=1.jpg},
    urldate={2019-01-24}
}
@misc{PROTOTYPE,
    title={Serious Game Lecture},
    author={Prilla, Michael and Janßen, Marc},
    organization={TU Clausthal},
    institution={Human-Centered Information Systems},
    year={2018}
}
@misc{POMBERGER,
    title={Methoden und Werkzeuge für das Prototyping  und ihre Integration},
    author={Pomberger, G. and Pree, W. and Stritzinger, A.},
    organization={Johannes Kepler Universität Linz},
    institution={Institut für Wirtschaftsinformatik},
    url={http://cms.uni-salzburg.at/fileadmin/multimedia/SRC/docs/publications/J002.pdf},
    urldate={2019-02-01}
}
